<?xml version="1.0" encoding="UTF-8"?>
<record xmlns="http://www.loc.gov/MARC21/slim" xmlns:xsi="http://www.w3.org/2001/XMLSchema-instance" xsi:schemaLocation="http://www.loc.gov/MARC21/slim http://www.loc.gov/standards/marcxml/schema/MARC21slim.xsd">
<leader>     cam a2200301 a 4500</leader>
<controlfield tag="001">001685255</controlfield>
<controlfield tag="003">NNU</controlfield>
<controlfield tag="005">20001219025023.0</controlfield>
<controlfield tag="008">940328m19381939le h          000 0 araod</controlfield>
<datafield tag="010" ind1=" " ind2=" ">
<subfield code="a">ne 62000124</subfield>
</datafield>
<datafield tag="035" ind1="9" ind2=" ">
<subfield code="a">NYUb12228692</subfield>
</datafield>
<datafield tag="035" ind1=" " ind2=" ">
<subfield code="a">(CStRLIN)MIUH94-B778</subfield>
</datafield>
<datafield tag="040" ind1=" " ind2=" ">
<subfield code="c">NN</subfield>
<subfield code="d">NN</subfield>
<subfield code="d">MiU</subfield>
</datafield>
<datafield tag="066" ind1=" " ind2=" ">
<subfield code="c">(3</subfield>
</datafield>
<datafield tag="100" ind1="1" ind2=" ">
<subfield code="6">880-01</subfield>
<subfield code="a">Ibn al-Sāʻātī, ʻAlī ibn Muḥammad,</subfield>
<subfield code="d">1158 or 9-1207 or 8.</subfield>
</datafield>
<datafield tag="245" ind1="1" ind2="0">
<subfield code="6">880-02</subfield>
<subfield code="a">Dīwān</subfield>
<subfield code="b">Ibn al-Sāʻātī Bahāʼ al-Dīn Abī al-Ḥasan ʻAlī ibn Rustum ibn Hardūz al-Khurāsānī, yunshar li-awwal marrah ʻan nusakhin khaṭṭīyah yarjiʻ baʻḍuhā ilā ʻahd al-Shāʻir. ʻUniya bi-taḥqīqih wa-nashrih Anīs al-Maqdisī.</subfield>
</datafield>
<datafield tag="260" ind1=" " ind2=" ">
<subfield code="6">880-03</subfield>
<subfield code="a">Bayrūt,</subfield>
<subfield code="c">1938-1939.</subfield>
</datafield>
<datafield tag="300" ind1=" " ind2=" ">
<subfield code="a">2 v.</subfield>
<subfield code="b">facsims.</subfield>
<subfield code="c">25 cm.</subfield>
</datafield>
<datafield tag="500" ind1=" " ind2=" ">
<subfield code="a">al-Jāmiʻah al-Amīrkīyah fi Bayrūt. Manshūrāt Kullīyat al-ʻUlūm wa-al-Ādāb. Silsilat al-ʻUlūm al-Sharqīyah, 12, 16.</subfield>
</datafield>
<datafield tag="500" ind1=" " ind2=" ">
<subfield code="a">Added t. p.: Dīwān Ibn al-Sāʻāti, published for the first time from original manuscripts. Edited by Anis E. Khuri al-Makdisi.</subfield>
</datafield>
<datafield tag="700" ind1="1" ind2=" ">
<subfield code="6">880-04</subfield>
<subfield code="a">Maqdisī, Anīs.</subfield>
</datafield>
<datafield tag="880" ind1=" " ind2=" ">
<subfield code="6">100-01/</subfield>
<subfield code="a">علي ابن محمد ابن الساعاتي.</subfield>
</datafield>
<datafield tag="880" ind1="1" ind2="0">
<subfield code="6">245-02/</subfield>
<subfield code="a">ديوان :</subfield>
<subfield code="b">ابن الساعاتي بهاء الدين ابي الحسن علي بن رستم بن هردوز الخراساني ،ينشر لاول مرة عن نسخن خطية يرجع بعضها الى عهد الشاعر.عنيى بتحقيقه و نشره انيس المقدسي.</subfield>
</datafield>
<datafield tag="880" ind1=" " ind2=" ">
<subfield code="6">260-03/</subfield>
<subfield code="a">بيروت ،</subfield>
<subfield code="c">1938-1939.</subfield>
</datafield>
<datafield tag="880" ind1="0" ind2="0">
<subfield code="6">700-04/</subfield>
<subfield code="a">انيس المقدسي.</subfield>
</datafield>
<datafield tag="OWN" ind1=" " ind2=" ">
<subfield code="a">GENERAL</subfield>
</datafield>
<datafield tag="950" ind1=" " ind2=" ">
<subfield code="l">BMAIN</subfield>
<subfield code="a">PJ25</subfield>
<subfield code="b">.A6 no.12, 16</subfield>
</datafield>
<datafield tag="955" ind1=" " ind2=" ">
<subfield code="l">BMAIN</subfield>
<subfield code="c">1:v.1</subfield>
<subfield code="r">028425588</subfield>
</datafield>
<datafield tag="955" ind1=" " ind2=" ">
<subfield code="l">BMAIN</subfield>
<subfield code="c">1:v.2</subfield>
<subfield code="r">028425588</subfield>
</datafield>
<datafield tag="998" ind1=" " ind2=" ">
<subfield code="s">1115</subfield>
</datafield>
<datafield tag="AVA" ind1=" " ind2=" ">
<subfield code="a">NYU50</subfield>
<subfield code="b">BOBST</subfield>
<subfield code="c">Main Collection</subfield>
<subfield code="d">PJ25 .A6 no.12, 16</subfield>
<subfield code="e">unavailable</subfield>
<subfield code="t">Unavailable</subfield>
<subfield code="f">2</subfield>
<subfield code="g">2</subfield>
<subfield code="h">Y</subfield>
<subfield code="i">0</subfield>
<subfield code="j">MAIN</subfield>
<subfield code="k">0</subfield>
</datafield>
</record>
